@inproceedings{kalia2016fasst,
  title={FaSST: Fast, Scalable and Simple Distributed Transactions with Two-Sided ($\{$RDMA$\}$) Datagram RPCs},
  author={Kalia, Anuj and Kaminsky, Michael and Andersen, David G},
  booktitle={12th $\{$USENIX$\}$ Symposium on Operating Systems Design and Implementation ($\{$OSDI$\}$ 16)},
  pages={185--201},
  year={2016}
}

@article{boyd2014oplog,
  title={OpLog: a library for scaling update-heavy data structures},
  author={Boyd-Wickizer, Silas and Kaashoek, M Frans and Morris, Robert and Zeldovich, Nickolai},
  year={2014}
}
